<?xml version="1.0" encoding="UTF-8"?><collection><record><leader>08612ntm a2200637 a 4500</leader><controlfield tag="001">006813648</controlfield><controlfield tag="003">MiAaHDL</controlfield><controlfield tag="005">20190719000000.0</controlfield><controlfield tag="006">m        d        </controlfield><controlfield tag="007">cr bn ---auaua</controlfield><controlfield tag="008">090606q15501580xx            00| ||ara d</controlfield><datafield tag="035" ind1=" " ind2=" "><subfield code="a">(MiU)006813648</subfield></datafield><datafield tag="035" ind1=" " ind2=" "><subfield code="a">sdr-miu006813648</subfield></datafield><datafield tag="040" ind1=" " ind2=" "><subfield code="a">MiU</subfield><subfield code="c">MiU</subfield><subfield code="e">amremm</subfield></datafield><datafield tag="043" ind1=" " ind2=" "><subfield code="a">n-us-mi</subfield></datafield><datafield tag="100" ind1="1" ind2=" "><subfield code="6">880-01</subfield><subfield code="a">Ibn al-Nāẓim, Muḥammad ibn Muḥammad,</subfield><subfield code="d">d. 1287 or 9.</subfield></datafield><datafield tag="245" ind1="1" ind2="0"><subfield code="6">880-03</subfield><subfield code="a">Sharḥ al-Alfīyah,</subfield><subfield code="f">[mid to late 16th century?].</subfield></datafield><datafield tag="246" ind1="3" ind2=" "><subfield code="i">Title from text of ijāzah at close (p.504):</subfield><subfield code="a">شرح المنظومة المسماة بالخلاصة</subfield></datafield><datafield tag="246" ind1="3" ind2=" "><subfield code="i">Title from inscription on 'title page' (p.1):</subfield><subfield code="a">ابن الناظم على الافية</subfield></datafield><datafield tag="260" ind1=" " ind2=" "><subfield code="c">[1550-1580?].</subfield></datafield><datafield tag="300" ind1=" " ind2=" "><subfield code="a">252 leaves :</subfield><subfield code="b">paper ;</subfield><subfield code="c">212 x 162 (145 x 84) mm.</subfield></datafield><datafield tag="500" ind1=" " ind2=" "><subfield code="a">Shelfmark: Ann Arbor, University of Michigan, Special Collections Library, Isl. Ms. 622</subfield></datafield><datafield tag="500" ind1=" " ind2=" "><subfield code="a">Origin: Lacks dated colophon ; ownership statement in name of Muḥammad Saʻīd ibn ʻAlī al-Asadī provides a terminus ante quem of 1133 [1720 or 21] ; paper, hand, etc. would suggest mid to late 16th century.</subfield></datafield><datafield tag="500" ind1=" " ind2=" "><subfield code="a">Accompanying materials: a. Inventory cataloguing slip in hand of Winifred Smeaton Thomas. -- b. Acquisitions slip from Yahuda.</subfield></datafield><datafield tag="500" ind1=" " ind2=" "><subfield code="a">Former shelfmark: From inner front cover and spine label, "IL 180" (likely supplied by Yahuda, see acquisitions slip).</subfield></datafield><datafield tag="500" ind1=" " ind2=" "><subfield code="a">Binding: Pasteboards covered in brown leather ; Type II binding (with flap) ; board linings in yellow laid paper ; upper and lower covers carry stamped mandorla (filled with vegetal composition) and pendants (with recessed onlays) as well as tooled floral accents and rule border ; sewning gone, traces of two sewing stations, most bifolia now split ; overall in somewhat poor condition with significant abrasion, staining, lifting and losses of leather, etc. ; serves as wrapper for the gatherings, perhaps never attached to text block though sized fairly well.</subfield></datafield><datafield tag="500" ind1=" " ind2=" "><subfield code="a">Support: European laid paper of a few different types ; opening type with 9 laid lines per cm. (vertical), chain lines spaced 28-29 mm. apart (horizontal), anchor (two line) in circle with six-pointed star above watermark (roughly 62 mm. tall, see p.66, 75, etc.), and possibly "AP" countermark (see p.111, etc.), sturdy and well-burnished ; another type with 11 laid lines per cm. (vertical), chain lines spaced 24 mm. apart (horizontal), font with lid and cross (or cardinal's mitre / chapeau) watermark (see p.190, 191, 228, 233, etc. and compare Velkov Chapeau nos.1-8 and Nikolaev nos. 31-32) and "CC" under trefoil countermark (see p.250, etc.) ; final flyleaf with 7 laid lines per cm. (horizontal), chain lines spaced 29 mm. apart (vertical), and three crescents watermark (85 mm. long, perpendicular to chains).</subfield></datafield><datafield tag="500" ind1=" " ind2=" "><subfield code="a">Decoration: Keywords and abbreviation symbols rubricated ; textual dividers in the form of inverted commas in red.</subfield></datafield><datafield tag="500" ind1=" " ind2=" "><subfield code="a">Script: Naskh ; spacious, elegant and idiosyncratic Turkish or 'Syrian' [?] hand in a narrow line ; virtually serifless and quite rounded with thickening and elongation of many descenders and horizontal strokes, occasional inclination to the right or left, pointing in distinct dots, point of final nūn set deep and nearly fully encircled by bowl, final yāʼ and alif maqṣūrah mainly mardūdah ; hand changes at p.401, also quite elegant, fluid and rounded with bowl of final nūn fully encircling dot.</subfield></datafield><datafield tag="500" ind1=" " ind2=" "><subfield code="a">Layout: Written in 19 lines per page ; frame-ruled (impression of ruling board evident).</subfield></datafield><datafield tag="500" ind1=" " ind2=" "><subfield code="a">Collation: 24 V(240), VI (252), i ; almost exclusively quinions (though most bifolia now split) ; catchwords present ; foliation in brown ink, Hindu-Arabic numerals ; pagination in pencil, Western numerals, supplied during digitization.</subfield></datafield><datafield tag="500" ind1=" " ind2=" "><subfield code="a">Explicit: "هذا اخر ما تضمنت هذه الارجوزة من علم احكام النحو ولذلك لما انتهى اليه لم يعقبه باكثر من قوله وما بجمعه عنيت قد كمل ... فاعلم انه قد انتهى غرضية من هذا النطم وانه قد اشتمل على اعظم المهمات من علم العربية تم ختم الكتاب بحمد الله تعالى وبالصلاة على نبيه محمد صلى الله عليه وعلى آله واصحابه الطيبين الطاهرين صلاة دائمة الى يوم الدين سبحان ربك رب العزة عما يصفون وسلام على المرسلين والحمد لله رب العالمين"</subfield></datafield><datafield tag="500" ind1=" " ind2=" "><subfield code="a">Incipit: "اما بعد حمد الله سبحانه وتعالى بما له من المحامد على ما اسبغ من نعمه البوادي والعوايد ... فاني ذاكر في هذا الكتاب ارجوزة والدي في علم النحو المسماة بالخلاصة بشرح يحل منها المشاكل ويفتح من ابوابها كل مقفل ..."</subfield></datafield><datafield tag="500" ind1=" " ind2=" "><subfield code="a">Title from inscription on interior of upper cover.</subfield></datafield><datafield tag="500" ind1=" " ind2=" "><subfield code="a">Ms. codex.</subfield></datafield><datafield tag="510" ind1="4" ind2=" "><subfield code="a">Nikolaev, Vsevolod. Watermarks of the mediaeval Ottoman documents in Bulgarian libraries. In Watermarks of the Ottoman Empire, volume 1. Sofia: Bulgarian Academy of Sciences, 1954.</subfield></datafield><datafield tag="510" ind1="4" ind2=" "><subfield code="a">Velkov, Asparouh. Les Filigranes dans les documents Ottomans: divers types d'images. Sofia: Éditions "Texte - A. Trayanov", 2005.</subfield></datafield><datafield tag="510" ind1="4" ind2=" "><subfield code="a">al-Usṭuwānī, Muḥammad Saʻīd. Mashāhid wa-aḥdāth Dimashqīyah fī muntaṣaf al-qarn al-tāsiʻ ʻashar, 1256-1277 H/1840-1861 M. Ed. Asʻad al-Usṭuwānī. [Damascus] : A. al-Usṭuwānī, 1994,</subfield><subfield code="c">pp.49-52</subfield></datafield><datafield tag="510" ind1="4" ind2=" "><subfield code="a">Brockelmann, C. GAL,</subfield><subfield code="c">I 298 / II cmtare 1 ; SI</subfield></datafield><datafield tag="520" ind1="8" ind2=" "><subfield code="a">Fine copy of the commentary on the Alfīyah by Ibn Mālik (Muḥammad ibn ʻAbd Allāh, d.1273) by his son, Badr al-Dīn Muḥammad ibn Muḥammad (d.1287), on grammar.</subfield></datafield><datafield tag="538" ind1=" " ind2=" "><subfield code="a">Mode of access: Internet.</subfield></datafield><datafield tag="541" ind1=" " ind2=" "><subfield code="a">Acquired in 1926 from the bookseller Isaac Benjamin S.E. Yahuda via purchase transacted on his behalf by Abraham Shalom Yahuda (1877-1951), his younger brother.</subfield></datafield><datafield tag="546" ind1=" " ind2=" "><subfield code="a">Arabic.</subfield></datafield><datafield tag="561" ind1=" " ind2=" "><subfield code="a">Several former owners' marks on 'title page' (p.1) including ownership statement dated 1133 [1720 or 21] in name of Muḥammad [Saʻīd] ibn ʻAlī al-Asadī, a mudarris in Ḥalab for whom an ijāzah also appears at the close of the text on p.504 (statement reads "ملكه الفقير اليه عز شانه محمد بن علي الاسدي المدرس بحلب المحروسة غفر لهما في سنة ١١٣٣") accompanied by an octagonal ownership statement, a miniscule octagonal seal impression with inscription "الفقير احمد", a lending notice signed Salīm al-Ṭībbī [or al-Ṭayyibī] (سليم الطيبي) indicating that he had borrowed the book from Mustafa Bey bin Akif Bey (جناب مصطفى بيك ابن سعادة عاكف بيك), and another ownership statement dated 13 Shawwāl 1271 [ca. 29 June 1855] in name of Muḥammad Saʻīd al-Usṭuwānī (1822-1888) indicating that he had purchased the book from the aforementioned Mustafa Bey ; oval seal impression in name of Aḥmad ibn Muḥammad ( احمد بن محمد ) on p.7 ; at close on p.504, an ijāzah for Muḥammad Saʻīd ibn ʻAlī al-Asadī (authorizing him to transmit this work) dated Muḥarram 1135 [October-November 1722] as well as an ijāzah for his son Ibrāhīm ibn Muḥammad Saʻīd Asadīʻzādah (dated Rabīʻ I 1164 [February-March 1751]) ; extensive marginal and interlinear glosses and corrections (some decoratively shaped, see p.61, etc.).</subfield></datafield><datafield tag="600" ind1="1" ind2="0"><subfield code="a">Ibn Mālik, Muḥammad ibn ʻAbd Allāh,</subfield><subfield code="d">-1274.</subfield><subfield code="t">Alfīyah.</subfield></datafield><datafield tag="650" ind1=" " ind2="0"><subfield code="a">Manuscripts, Arabic</subfield><subfield code="z">Michigan</subfield><subfield code="z">Ann Arbor.</subfield></datafield><datafield tag="650" ind1=" " ind2="0"><subfield code="a">Arabic language</subfield><subfield code="x">Grammar</subfield><subfield code="v">Early works to 1800.</subfield></datafield><datafield tag="700" ind1="1" ind2=" "><subfield code="6">880-06</subfield><subfield code="a">Usṭuwānī, Muḥammad Saʻīd,</subfield><subfield code="d">1822-1888,</subfield><subfield code="e">former owner.</subfield></datafield><datafield tag="700" ind1="0" ind2=" "><subfield code="6">880-05</subfield><subfield code="a">Mustafa Bey bin Akif Bey,</subfield><subfield code="e">former owner.</subfield></datafield><datafield tag="700" ind1="1" ind2=" "><subfield code="6">880-04</subfield><subfield code="a">Muḥammad Saʻīd ibn ʻAlī al-Asadī,</subfield><subfield code="d">fl. 1720,</subfield><subfield code="e">former owner.</subfield></datafield><datafield tag="773" ind1="0" ind2=" "><subfield code="a">Yahuda Collection.</subfield></datafield><datafield tag="880" ind1="1" ind2=" "><subfield code="6">700-06/</subfield><subfield code="a">اسطواني، محمد سعيد،</subfield><subfield code="e">مالك سابق.</subfield></datafield><datafield tag="880" ind1="0" ind2=" "><subfield code="6">700-05/</subfield><subfield code="a">مصطفى بك بن عاكف بك،</subfield><subfield code="e">مالك سابق.</subfield></datafield><datafield tag="880" ind1="1" ind2=" "><subfield code="6">700-04/</subfield><subfield code="a">محمد سعيد بن علي الاسدي،</subfield><subfield code="e">مالك سابق.</subfield></datafield><datafield tag="880" ind1="1" ind2="0"><subfield code="6">245-03/</subfield><subfield code="a">شرح الالفية,</subfield><subfield code="f">[اواسط الى اواخر القرن 16م؟].</subfield></datafield><datafield tag="880" ind1="1" ind2=" "><subfield code="6">100-01/</subfield><subfield code="a">ابن الناظم، محمد بن محمد.</subfield></datafield><datafield tag="CID" ind1=" " ind2=" "><subfield code="a">006813648</subfield></datafield><datafield tag="DAT" ind1="0" ind2=" "><subfield code="a">20190719102638.0</subfield><subfield code="b">20190719000000.0</subfield></datafield><datafield tag="DAT" ind1="1" ind2=" "><subfield code="a">20190719090653.0</subfield><subfield code="b">2019-07-19T16:12:01Z</subfield></datafield><datafield tag="DAT" ind1="2" ind2=" "><subfield code="a">2015-10-02T18:00:03Z</subfield></datafield><datafield tag="CAT" ind1=" " ind2=" "><subfield code="a">SDR-MIU</subfield><subfield code="d">EX LIBRIS - ALEPH</subfield><subfield code="l">prepare.pl-004-008</subfield></datafield><datafield tag="FMT" ind1=" " ind2=" "><subfield code="a">BK</subfield></datafield><datafield tag="HOL" ind1=" " ind2=" "><subfield code="0">sdr-miu006813648</subfield><subfield code="a">MiU</subfield><subfield code="b">SDR</subfield><subfield code="c">MIU</subfield><subfield code="p">mdp.39015079128362</subfield><subfield code="s">MIU</subfield><subfield code="1">006813648</subfield></datafield><datafield tag="974" ind1=" " ind2=" "><subfield code="b">MIU</subfield><subfield code="c">MIU</subfield><subfield code="d">20190719</subfield><subfield code="s">lit-dlps-dc</subfield><subfield code="u">mdp.39015079128362</subfield><subfield code="y">1580</subfield><subfield code="r">pd</subfield><subfield code="q">bib</subfield><subfield code="t">non-US bib date2 &lt; 1879</subfield></datafield></record></collection>